@article{a1,
   author      = {曹广壮},
   journal   = {电影文学},
   title       = {从《狮子王》中的音乐看动画电影音画关系},
  pages =   "22:46--47",
   year        = {2012},
}

@article{a0,
   author      = {滕丹睿},
   journal   = {电影文学},
   title       = {生死别离处，惟爱为大——评蒙太奇在《人生大事》中的应用},
  pages =   "10:120--122",
   year        = {2024},
}

@misc{wiki1,
       author = "Wikipedia",
       title = "El rey león --- Wikipedia{,} La enciclopedia libre",
       year = "2024",
       url = "https://es.wikipedia.org/w/index.php?title=El_rey_le%C3%B3n&oldid=160137510",
       note = "[Internet; descargado 15-mayo-2024]"
}

@misc{wiki0,
    author = "{Wikipedia contributors}",
    title = "Montage (filmmaking) --- {Wikipedia}{,} The Free Encyclopedia",
    year = "2024",
    url = "https://en.wikipedia.org/w/index.php?title=Montage_(filmmaking)&oldid=1223755244",
    note = "[Online; accessed 16-May-2024]"
}

@misc{zhihu0,
    author = "{炙思}",
    title = "怎样理解电影里的蒙太奇手法？",
    year = "2019",
    url = "https://www.zhihu.com/question/20756128/answer/592204290",
    note = ""
}
